@article{onsager_solution,
	title = {Crystal Statistics. I. A Two-Dimensional Model with an Order-Disorder Transition},
	author = {Onsager, Lars},
	journal = {Phys. Rev.},
	volume = {65},
	issue = {3-4},
	pages = {117--149},
	numpages = {0},
	year = {1944},
	month = {Feb},
	publisher = {American Physical Society},
	doi = {10.1103/PhysRev.65.117},
	url = {https://link.aps.org/doi/10.1103/PhysRev.65.117}
}

@article{das1970exact,
	title={Exact partition function of Ising model in magnetism in one, two and three dimensions in nonzero field},
	author={Das, DD},
	journal={Indian Journal of Physics},
	volume={44},
	pages={244--252},
	year={1970}
}

@article{lou2000three,
	title={Three-dimensional Ising model and transfer matrices},
	author={Lou, SL and Wu, SH},
	journal={arXiv preprint cond-mat/0003367},
	year={2000}
}

@article{zhang2007conjectures,
	title={Conjectures on the exact solution of three-dimensional (3D) simple orthorhombic Ising lattices},
	author={Zhang, ZD},
	journal={Philosophical Magazine},
	volume={87},
	number={34},
	pages={5309--5419},
	year={2007},
	publisher={Taylor \& Francis}
}

@article{zhang2021exact,
	title={Exact solution for three-Dimensional Ising model},
	author={Zhang, Degang},
	journal={Symmetry},
	volume={13},
	number={10},
	pages={1837},
	year={2021},
	publisher={MDPI}
}

@book{Baierlein_1999,
	 place={Cambridge, U.K.},
	 title={Thermal physics},
	 publisher={Cambridge University Press},
	 author={Baierlein, Ralph},
	 year={1999},
	 pages={391}
 } 